@article{bacciotti2006nonpathological,
	title={Nonpathological Lyapunov functions and discontinuous Carath{\'e}odory systems},
	author={Bacciotti, Andrea and Ceragioli, Francesca},
	journal={Automatica},
	volume={42},
	number={3},
	pages={453--458},
	year={2006},
	publisher={Elsevier}
}
@article{stegink2016stabilization,
	title={Stabilization of structure-preserving power networks with market dynamics},
	author={Stegink, Tjerk W and De Persis, Claudio and van der Schaft, Arjan J},
	journal={arXiv preprint arXiv:1611.04755},
	year={2016}
}

@article{wang2017distributed2,
  title={Distributed Frequency Control with Operational Constraints, Part II: Network Power Balance},
  author={Wang, Zhaojian and Liu, Feng and Low, Steven H and Zhao, Changhong and Mei, Shengwei},
  journal={arXiv preprint arXiv:1703.00083},
  year={2017}
}
@article{wang2017distributed1,
  title={Distributed frequency control with operational constraints, part i: Per-node power balance},
  author={Wang, Zhaojian and Liu, Feng and Low, Steven H and Zhao, Changhong and Mei, Shengwei},
  journal={arXiv preprint arXiv:1702.07965},
  year={2017}
}

@article{alvarado2001stability,
  title={Stability analysis of interconnected power systems coupled with market dynamics},
  author={Alvarado, Fernando L and Meng, Jianping and DeMarco, Christopher L and Mota, Wellington S},
  journal={IEEE Transactions on power systems},
  volume={16},
  number={4},
  pages={695--701},
  year={2001},
  publisher={IEEE}
}
@article{mallada2017optimal,
  title={Optimal load-side control for frequency regulation in smart grids},
  author={Mallada, Enrique and Zhao, Changhong and Low, Steven},
  journal={IEEE Transactions on Automatic Control},
  year={2017},
  publisher={IEEE}
}
@article{li2016connecting,
	title={Connecting automatic generation control and economic dispatch from an optimization view},
	author={Li, Na and Zhao, Changhong and Chen, Lijun},
	journal={IEEE Transactions on Control of Network Systems},
	volume={3},
	number={3},
	pages={254--264},
	year={2016},
	publisher={IEEE}
}
@article{zhao2014design,
	title={Design and stability of load-side primary frequency control in power systems},
	author={Zhao, Changhong and Topcu, Ufuk and Li, Na and Low, Steven},
	journal={IEEE Transactions on Automatic Control},
	volume={59},
	number={5},
	pages={1177--1189},
	year={2014},
	publisher={IEEE}
}
@inproceedings{zhao2016unified,
  title={A unified framework for frequency control and congestion management},
  author={Zhao, Changhong and Mallada, Enrique and Low, Steven and Bialek, Janusz},
  booktitle={Power Systems Computation Conference (PSCC), 2016},
  pages={1--7},
  year={2016},
  organization={IEEE}
}